
@Article{ayers:1991gd,
  author	= {Ayers, G P and Gras, J L},
  title		= {{Seasonal relationship between cloud condensation nuclei and aerosol methanesulphonate in marine air}},
  journal	= {Nature},
  year		= {1991},
  volume	= {353},
  number	= {6347},
  pages		= {834--835},
  month		= oct
}

@article{bandy2011pacific,
  title={Pacific Atmospheric Sulfur Experiment (PASE): dynamics and chemistry of the south Pacific tropical trade wind regime},
  author={Bandy, Alan and Faloona, Ian C and Blomquist, Byron W and Huebert, Barry J and Clarke, Antony D and Howell, Steven G and Mauldin, RL and Cantrell, Christopher A and Hudson, James G and Heikes, Brian G and others},
  journal={Journal of atmospheric chemistry},
  volume={68},
  number={1},
  pages={5--25},
  year={2011},
  publisher={Springer}
}

@Article{barnes:2006ug,
  author	= {Barnes, I and Hjorth, J and Mihalapoulos, N},
  title		= {{Dimethyl sulfide and dimethyl sulfoxide and their oxidation in the atmosphere}},
  journal	= {Chemical Reviews},
  year		= {2006},
  volume	= {106},
  number	= {3},
  pages		= {940--975}
}

@Article{bigg:2007er,
  author	= {Bigg, E Keith},
  title		= {{Sources, nature and influence on climate of marine airborne particles}},
  journal	= {Environmental Chemistry},
  year		= {2007},
  volume	= {4},
  number	= {3},
  pages		= {155--7}
}

@Article{borthwick:2006uv,
  author	= {Borthwick, David and Belcher, Barbara and Hutson, Jonathan},
  title		= {{Review of the Great Barrier Reef Marine Park Act 1975}},
  journal	= {Department of the Environment and Heritage},
  year		= {2006},
  pages		= {1--222},
  month		= sep
}

@article{broadbent2004dms,
  title={DMS and DMSP in mucus ropes, coral mucus, surface films and sediment pore waters from coral reefs in the Great Barrier Reef},
  author={Broadbent, Andrew D and Jones, Graham B},
  journal={Marine and Freshwater Research},
  volume={55},
  number={8},
  pages={849--855},
  year={2004},
  publisher={CSIRO}
}

@Article{cainey:2007jj,
  author	= {Cainey, Jill M and Sievering, Herman and Ayers, Greg P},
  title		= {Where to now? A synthesis of current views of the CLAW hypothesis},
  journal	= {Environmental Chemistry},
  year		= {2007},
  volume	= {4},
  number	= {6},
  pages		= {406--4}
}

@article{challa2008sensitivity,
  title={Sensitivity of atmospheric dispersion simulations by HYSPLIT to the meteorological predictions from a meso-scale model},
  author={Challa, Venkata Srinivas and Indrcanti, Jayakumar and Baham, Julius M and Patrick, Chuck and Rabarison, Monika K and Young, John H and Hughes, Robert and Swanier, Shelton J and Hardy, Mark G and Yerramilli, Anjaneyulu},
  journal={Environmental fluid mechanics},
  volume={8},
  number={4},
  pages={367--387},
  year={2008},
  publisher={Springer}
}

@Article{charlson:1987fw,
  author	= {Charlson, Robert J and Lovelock, James E and Andreae, Meinrat O and Warren, Stephen G},
  title		= {{Oceanic phytoplankton, atmospheric sulphur, cloud albedo and climate}},
  journal	= {Nature},
  year		= {1987},
  volume	= {326},
  number	= {6114},
  pages		= {655--661},
  month		= apr
}

@article{clarke1998particle,
  title={Particle production in the remote marine atmosphere: Cloud outflow and subsidence during ACE 1},
  author={Clarke, AD and Varner, JL and Eisele, F and Mauldin, RL and Tanner, D and Litchy, M},
  journal={Journal of Geophysical Research: Atmospheres (1984--2012)},
  volume={103},
  number={D13},
  pages={16397--16409},
  year={1998},
  publisher={Wiley Online Library}
}

@Booklet{cope:2009tz,
  title		= {{Chemical Transport Model - Technical Description}},
  author	= {Cope, Martin and Lee, Sunhee and Noonan, Julie and Lilley, Bill and Hess, Dale and Azzi, Merched},
  howpublished	= {CSIRO},
  address	= {The Centre for Australian Weather and Climate Research},
  month		= oct,
  year		= {2009}
}

@Booklet{cope:2014tw,
  title		= {{Sydney Particle Study}},
  author	= {Cope, Martin and Keywood, Melita and Emmerson, Kathryn and Galbally, Ian},
  howpublished	= {CSIRO},
  address	= {The Centre for Australian Weather and Climate Research},
  month		= jun,
  year		= {2014}
}

@TechReport{draxler:1997tga,
  author	= {Draxler, R R and Hess, G D},
  title		= {{Description of the HYSPLIT4 modeling system}},
  year		= {1997}
}

@Article{draxler:1998vr,
  author	= {Draxler, R R and Hess, G D},
  title		= {{An overview of the HYSPLIT4 modelling system for trajectories}},
  journal	= {Australian meteorological magazine},
  year		= {1998}
}

@article{fischer2012atmospheric,
  title={Atmospheric dimethysulphide production from corals in the Great Barrier Reef and links to solar radiation, climate and coral bleaching},
  author={Fischer, Esther and Jones, Graham},
  journal={Biogeochemistry},
  volume={110},
  number={1-3},
  pages={31--46},
  year={2012},
  publisher={Springer}
}

@Article{hameri:2000tc,
  author	= {H{\"a}meri, K and V{\"a}kev{\"a}, M and Hansson, H C},
  title		= {{Hygroscopic growth of ultrafine ammonium sulphate aerosol measured using an ultrafine tandem differential mobility analyzer}},
  journal	= {Journal of Geophysical Research},
  year		= {2000}
}

@Article{hoeghguldberg:1999bi,
  author	= {Hoegh-Guldberg, Ove},
  title		= {{ Climate change, coral bleaching and the future of the world's coral reefs}},
  journal	= {Marine and freshwater research},
  year		= {1999},
  volume	= {50},
  number	= {8},
  pages		= {839--866}
}

@Article{hurley:1994df,
  author	= {Hurley, Peter},
  title		= {{PARTPUFF{\textemdash}a Lagrangian particle-puff approach for plume dispersion modeling applications}},
  journal	= {Journal of Applied Meteorology},
  year		= {1994},
  volume	= {33},
  number	= {2},
  pages		= {285--294}
}

@article{hurley2002air,
  title={The Air Pollution Model (TAPM) Version 2. Part 1: Technical Description},
  author={Hurley, Peter},
  journal={Technical Paper},
  volume={71},
  year={2002},
  publisher={Citeseer}
}

@InCollection{intergovernmentalpanelonclimatechange:2015fa,
  author	= {IPCC},
  title		= {{Summary for Policymakers}},
  booktitle	= {Climate Change 2014 Mitigation of Climate Change},
  year		= {2015},
  pages		= {1--30},
  publisher	= {Cambridge University Press},
  address	= {Cambridge}
}

@article{jacob2000heterogeneous,
  title={Heterogeneous chemistry and tropospheric ozone},
  author={Jacob, Daniel J},
  journal={Atmospheric Environment},
  volume={34},
  number={12},
  pages={2131--2159},
  year={2000},
  publisher={Elsevier}
}

@book{jacobson2005fundamentals,
  title={Fundamentals of atmospheric modeling},
  author={Jacobson, Mark Z},
  year={2005},
  publisher={Cambridge university press}
}

@Article{jones:2005ez,
  author	= {Jones, Graham B and Trevena, Anne J},
  title		= {{The influence of coral reefs on atmospheric dimethylsulphide over the Great Barrier Reef, Coral Sea, Gulf of Papua and Solomon and Bismarck Seas}},
  journal	= {Marine and freshwater research},
  year		= {2005},
  volume	= {56},
  number	= {1},
  pages		= {85}
}

@article{jones2007factors,
  title={Factors affecting the cycling of dimethylsulfide and dimethylsulfoniopropionate in coral reef waters of the Great Barrier Reef},
  author={Jones, Graham and Curran, Mark and Broadbent, Andrew and King, Stacey and Fischer, Esther and Jones, Rosemary},
  journal={Environmental Chemistry},
  volume={4},
  number={5},
  pages={310--322},
  year={2007},
  publisher={CSIRO}
}

@article{kettle1999global,
  title={A global database of sea surface dimethylsulfide (DMS) measurements and a procedure to predict sea surface DMS as a function of latitude, longitude, and month},
  author={Kettle, A J and Andreae, M O and Amouroux, D and Andreae, T W and Bates, T S and Berresheim, H and Bingemer, H and Boniforti, R and Curran, M A J and DiTullio, G R and others},
  journal={Global Biogeochemical Cycles},
  volume={13},
  number={2},
  pages={399--444},
  year={1999},
  publisher={Wiley Online Library}
}

@article{Kettle:2000jy,
author = {Kettle, A J and Andreae, M O},
title = {{Flux of dimethylsulfide from the oceans: A comparison of updated data sets and flux models}},
journal = {Journal of Geophysical Research},
year = {2000}
}

@Article{kohler:1936dq,
  author	= {K{\"o}hler, Hilding},
  title		= {{The nucleus in and the growth of hygroscopic droplets}},
  journal	= {Transactions of the Faraday Society},
  year		= {1936},
  volume	= {32},
  pages		= {1152--10}
}

@Book{laing2011introduction,
  title		= {Introduction to Tropical Meteorology},
  author	= {Laing, A and Evans, JL},
  publisher	= {The COMET Program},
  year		= {2011},
  edition	= {2}
}

@article{lana2011updated,
  title={An updated climatology of surface dimethlysulfide concentrations and emission fluxes in the global ocean},
  author={Lana, Arancha and Bell, TG and Sim{\'o}, Rafel and Vallina, Sergio M and Ballabrera-Poy, Joaquim and Kettle, AJ and Dachs, Jordi and Bopp, L and Saltzman, ES and Stefels, J and others},
  journal={Global Biogeochemical Cycles},
  volume={25},
  number={1},
  year={2011},
  publisher={Wiley Online Library}
}

@article{Lashof:1990wu,
author = {Lashof, D A and Ahuja, D R},
title = {{Relative contributions of greenhouse gas emissions to global warming}},
journal = {Nature},
year = {1990},
volume = {344},
pages = {529--531},
month = apr
}

@Article{leahy:2013en,
  author	= {Leahy, Susannah M and Kingsford, Michael J and Steinberg, Craig R},
  title		= {{Do Clouds Save the Great Barrier Reef? Satellite Imagery Elucidates the Cloud-SST Relationship at the Local Scale}},
  journal	= {PLoS ONE},
  year		= {2013},
  volume	= {8},
  number	= {7},
  pages		= {e70400}
}

@Book{lefebvre:2006vi,
  author	= {Lefebvre, Mario},
  title		= {{Applied Probability and Statistics}},
  publisher	= {Springer},
  year		= {2006},
  edition	= {1},
  month		= oct
}

@InCollection{liss:1983iu,
  author	= {Liss, Peter S},
  title		= {{Gas Transfer: Experiments and Geochemical Implications}},
  booktitle	= {Air-Sea Exchange of Gases and Particles},
  year		= {1983},
  pages		= {241--298},
  publisher	= {Springer Netherlands},
  address	= {Dordrecht}
}

@Article{mann:2010wb,
  author	= {Mann, G W and Carslaw, K S and Spracklen, D V},
  title		= {{Description and evaluation of GLOMAP-mode: a modal global aerosol microphysics model for the UKCA composition-climate model}},
  journal	= {Geoscientific Model Development},
  year		= {2010},
  volume	= {3},
  number	= {2},
  pages		= {519--551}
}

@booklet{mcgregor:2005wz,
title = {{C-CAM: Geometric aspects and dynamical formulation}},
author = {McGregor, John L},
howpublished = {CSIRO Atmospheric Research},
address = {CSIRO Atmospheric Research},
year = {2005}
}

@incollection{mcgregor2008updated,
  title={An updated description of the conformal-cubic atmospheric model},
  author={McGregor, John L and Dix, Martin R},
  booktitle={High resolution numerical modelling of the atmosphere and ocean},
  pages={51--75},
  year={2008},
  publisher={Springer}
}

@Article{merikanto:2009iu,
  author	= {Merikanto, J and Spracklen, D V and Mann, G W and Pickering, S J and Carslaw, K S},
  title		= {{Impact of nucleation on global CCN}},
  journal	= {Atmospheric Chemistry and Physics Discussions},
  year		= {2009},
  volume	= {9},
  number	= {3},
  pages		= {8601--8616}
}

@Article{nightingale:2000th,
  author	= {Nightingale, Philip D and Malin, Gill and Law, Cliff S and Watson, Andrew J and Liss, Peter S and Liddicoat, Malcolm I and Boutin, Jacqueline and Upstill-Goddard, Robert C},
  title		= {{In situ evaluation of air-sea gas exchange parameterizations using novel conservative and volatile tracers}},
  journal	= {Global Biogeochemical Cycles},
  year		= {2000},
  volume	= {14},
  number	= {1},
  pages		= {373--387},
  month		= mar
}

@article{o1993physicochemical,
  title={Physicochemical properties of aerosols over the northeast Atlantic: Evidence for wind-speed-related submicron sea-salt aerosol production},
  author={O'Dowd, Colin D and Smith, Michael H},
  journal={Journal of Geophysical Research: Atmospheres (1984--2012)},
  volume={98},
  number={D1},
  pages={1137--1149},
  year={1993},
  publisher={Wiley Online Library}
}

@article{o1997marine,
  title={Marine aerosol, sea-salt, and the marine sulphur cycle: A short review},
  author={O'Dowd, Colin D and Smith, Michael H and Consterdine, Ian E and Lowe, Jason A},
  journal={Atmospheric Environment},
  volume={31},
  number={1},
  pages={73--80},
  year={1997},
  publisher={Elsevier}
}

@article{o2004biogenically,
  title={Biogenically driven organic contribution to marine aerosol},
  author={O'Dowd, Colin D and Facchini, Maria Cristina and Cavalli, Fabrizia and Ceburnis, Darius and Mircea, Mihaela and Decesari, Stefano and Fuzzi, Sandro and Yoon, Young Jun and Putaud, Jean-Philippe},
  journal={Nature},
  volume={431},
  number={7009},
  pages={676--680},
  year={2004},
  publisher={Nature Publishing Group}
}

@article{odowd:2007gj,
author = {O'Dowd, C D and de Leeuw, G},
title = {{Marine aerosol production: a review of the current knowledge}},
journal = {Philosophical Transactions of the Royal Society A: Mathematical, Physical and Engineering Sciences},
year = {2007},
volume = {365},
number = {1856},
pages = {1753--1774},
month = jul
}

@article{perry1994further,
  title={Further evidence for particle nucleation in clear air adjacent to marine cumulus clouds},
  author={Perry, Kevin D and Hobbs, Peter V},
  journal={Journal of Geophysical Research: Atmospheres (1984--2012)},
  volume={99},
  number={D11},
  pages={22803--22818},
  year={1994},
  publisher={Wiley Online Library}
}

@article{platt2003role,
  title={The role of halogen species in the troposphere},
  author={Platt, Ulrich and H{\"o}nninger, G},
  journal={Chemosphere},
  volume={52},
  number={2},
  pages={325--338},
  year={2003},
  publisher={Elsevier}
}

@Article{quinn:2011iv,
  author	= {Quinn, P K and Bates, T S},
  title		= {The case against climate regulation via oceanic phytoplankton sulphur emissions},
  journal	= {Nature},
  year		= {2011},
  volume	= {480},
  number	= {7375},
  pages		= {51--56},
  month		= nov
}

@Article{raina:2013fj,
  author	= {Raina, Jean-Baptiste and Tapiolas, Dianne M and For{\^e}t, Sylvain and Lutz, Adrian and Abrego, David and Ceh, Janja and Seneca, Fran{\cc}ois O and Clode, Peta L and Bourne, David G and Willis, Bette L and Motti, Cherie A},
  title		= {{DMSP biosynthesis by an animal and its role in coral thermal stress response}},
  journal	= {Nature},
  year		= {2013},
  volume	= {502},
  number	= {7473},
  pages		= {677--680},
  month		= oct
}

@Article{randles:2004ke,
  author	= {Randles, C A},
  title		= {{Hygroscopic and optical properties of organic sea salt aerosol and consequences for climate forcing}},
  journal	= {Geophysical Research Letters},
  year		= {2004},
  volume	= {31},
  number	= {16},
  pages		= {L16108--4}
}

@Article{rissman:2006ha,
  author	= {Rissman, T A and VanReken, T M and Wang, J and Gasparini, R and Collins, D R and Jonsson, H H and Brechtel, F J and Flagan, R C and Seinfeld, J H},
  title		= {{Characterization of ambient aerosol from measurements of cloud condensation nuclei during the 2003 Atmospheric Radiation Measurement Aerosol Intensive Observational Period at the Southern Great Plains site in Oklahoma}},
  journal	= {Journal of Geophysical Research},
  year		= {2006},
  volume	= {111},
  number	= {D5},
  pages		= {D05S11--20}
}

@Book{rogers1989short,
  title		= {A short course of cloud physics. Pregamon},
  author	= {Rogers, RR and Yau, MK},
  year		= {1989},
  publisher	= {Oxford},
  edition	= {3}
}

@Article{rolph:2010in,
  author	= {Rolph, Glenn D and Draxler, Roland R and Stein, Ariel F and Taylor, Albion and Ruminski, Mark G and Kondragunta, Shobha and Zeng, Jian and Huang, Ho-Chun and Manikin, Geoffrey and McQueen, Jeffery T and Davidson, Paula M},
  title		= {{Description and Verification of the NOAA Smoke Forecasting System: The 2007 Fire Season}},
  year		= {2010},
  volume	= {24},
  number	= {2},
  pages		= {361--378},
  month		= feb
}

@Article{rolph:2014kk,
  author	= {Rolph, G D and Ngan, F and Draxler, R R},
  title		= {{Modeling the fallout from stabilized nuclear clouds using the HYSPLIT atmospheric dispersion model}},
  journal	= {Journal of environmental radioactivity},
  year		= {2014},
  volume	= {136},
  pages		= {41--55},
  month		= oct
}

@Book{seinfeld2012atmospheric,
  title		= {Atmospheric Chemistry and Physics: From Air Pollution to Climate Change},
  author	= {Seinfeld, J H and Pandis, S N},
  isbn		= {9781118591369},
  url		= {https://books.google.com.au/books?id=YH2K9eWsZOcC},
  year		= {2012},
  publisher	= {Wiley}
}

@Article{simpson:2014,
  author	= {Simpson, R M C and Howell, S G and Blomquist, B W and Clarke, A D and Huebert, B J},
  title		= {{Dimethyl sulfide: Less important than long-range transport AS a source of sulfate to the remote tropical Pacific marine boundary layer}},
  journal	= {Journal of Geophysical Research D: Atmospheres},
  year		= {2014},
  volume	= {119},
  number	= {14},
  pages		= {9142--9167}
}

@inproceedings{spracklen2003development,
  title={Development and application of a global model of aerosol processes (GLOMAP)},
  author={Spracklen, D and Pringle, K and Carslaw, K and Chipperfield, M},
  booktitle={EGS-AGU-EUG Joint Assembly},
  volume={1},
  pages={7363},
  year={2003}
}

@Article{tang1994water,
  title		= {Water activities, densities, and refractive indices of aqueous sulfates and sodium nitrate dropletof atmospheric importance},
  author	= {Tang, IN and Munkelwitz, HR},
  journal	= {Journal of Geophysical Research: Atmospheres (1984--2012)},
  volume	= {99},
  number	= {D9},
  pages		= {18801--18808},
  year		= {1994},
  publisher	= {Wiley Online Library}
}

@Article{tang:1996tj,
  author	= {Tang, I N},
  title		= {{Chemical and size elfects of hygroscopic aerosols on light scattering coeflicients}},
  journal	= {Journal of Geophysical Research},
  year		= {1996}
}

@article{tang1997thermodynamic,
  title={Thermodynamic and optical properties of sea salt aerosols},
  author={Tang, Ignatius N and Tridico, AC and Fung, KH},
  journal={Journal of Geophysical Research: Atmospheres (1984--2012)},
  volume={102},
  number={D19},
  pages={23269--23275},
  year={1997},
  publisher={Wiley Online Library}
}

@InCollection{thatcher:2015wy,
  year		= {2015},
  isbn		= {978-3-319-15993-5},
  booktitle	= {Environmental Software Systems. Infrastructures, Services and Applications},
  volume	= {448},
  series	= {IFIP Advances in Information and Communication Technology},
  editor	= {Denzer, Ralf and Argent, RobertM. and Schimak, Gerald and Hřebíček, Jiří},
  title		= {A New Approach for Coupled Regional Climate Modeling Using More than 10,000 Cores},
  publisher	= {Springer International Publishing},
  keywords	= {geophysical fluid dynamics; MPI; regional climate modeling},
  author	= {Thatcher, Marcus and McGregor, John and Dix, Martin and Katzfey, Jack},
  pages		= {599-607},
  language	= {English}
}

@article{todd2007structural,
  title={Structural and regulatory genes required to make the gas dimethyl sulfide in bacteria},
  author={Todd, Jonathan D and Rogers, Rachel and Li, You Guo and Wexler, Margaret and Bond, Philip L and Sun, Lei and Curson, Andrew RJ and Malin, Gill and Steinke, Michael and Johnston, Andrew WB},
  journal={Science},
  volume={315},
  number={5812},
  pages={666--669},
  year={2007},
  publisher={American Association for the Advancement of Science}
}

@Book{twomey:1977,
  place		= {United States},
  title		= {Atmospheric aerosols},
  publisher	= {Elsevier Scientific Publishing Co., New York, NY},
  author	= {Twomey, S.},
  year		= {1977},
  month		= {Jan}
}

@Article{vairavamurthy:1985gw,
  author	= {Vairavamurthy, A and Andreae, M O and Iverson, R L},
  title		= {{Biosynthesis of dimethylsulfide and dimethylpropiothetin by Hymenomonas carterae in relation to sulfur source and salinity variations}},
  journal	= {Limnology and Oceanography},
  year		= {1985},
  volume	= {30},
  number	= {1},
  pages		= {59--70}
}

@Article{woodhouse:2010ed,
  author	= {Woodhouse, M T and Carslaw, K S and Mann, G W and Vallina, S M and Vogt, M and Halloran, P R and Boucher, O},
  title		= {{Low sensitivity of cloud condensation nuclei to changes in the sea-air flux of dimethyl-sulphide}},
  journal	= {Atmospheric Chemistry and Physics},
  year		= {2010},
  volume	= {10},
  number	= {16},
  pages		= {7545--7559},
  month		= aug
}

@article{zuidema2008shortwave,
  title={Shortwave radiative impacts from aerosol effects on marine shallow cumuli},
  author={Zuidema, Paquita and Xue, Huiwen and Feingold, Graham},
  journal={Journal of the Atmospheric Sciences},
  volume={65},
  number={6},
  pages={1979--1990},
  year={2008}
}

